<?xml version='1.0' encoding='UTF-8'?>
<record xmlns="http://www.loc.gov/MARC21/slim">
  <leader>00953cam a2200253 a 4500</leader>
  <controlfield tag="001">2778755</controlfield>
  <controlfield tag="003">NjP</controlfield>
  <controlfield tag="005">20171013175601.0</controlfield>
  <controlfield tag="008">991018m19519999ua       b    000 0 ara  </controlfield>
  <datafield tag="024" ind1="7" ind2=" ">
    <subfield code="a">princeton_aco002328</subfield>
    <subfield code="2">local</subfield>
  </datafield>
  <datafield ind1=" " ind2=" " tag="010">
    <subfield code="a">   60020928  </subfield>
  </datafield>
  <datafield ind1=" " ind2=" " tag="035">
    <subfield code="a">(OCoLC)ocm42655997</subfield>
  </datafield>
  <datafield ind1=" " ind2=" " tag="035">
    <subfield code="9">CNH6730TS</subfield>
  </datafield>
  <datafield ind1=" " ind2=" " tag="040">
    <subfield code="a">DLC</subfield>
    <subfield code="c">OSU</subfield>
    <subfield code="d">PUL</subfield>
  </datafield>
  <datafield ind1="0" ind2=" " tag="050">
    <subfield code="a">DS234</subfield>
    <subfield code="b">.T34</subfield>
  </datafield>
  <datafield ind1="1" ind2=" " tag="100">
    <subfield code="a">Ḥusayn, Ṭāhā,</subfield>
    <subfield code="d">1889-1973.</subfield>
    <subfield code="0">http://id.loc.gov/authorities/names/n50014331</subfield>
  </datafield>
  <datafield ind1="1" ind2="3" tag="245">
    <subfield code="a">al-Fitnah al-kubrá /</subfield>
    <subfield code="c">Ṭāhā Ḥusayn.</subfield>
  </datafield>
  <datafield ind1=" " ind2=" " tag="260">
    <subfield code="a">Miṣr :</subfield>
    <subfield code="b">Dar al-Maʻārif,</subfield>
    <subfield code="c">[1951-</subfield>
  </datafield>
  <datafield ind1=" " ind2=" " tag="300">
    <subfield code="a">2 v. ;</subfield>
    <subfield code="c">25 cm.</subfield>
  </datafield>
  <datafield ind1="1" ind2=" " tag="505">
    <subfield code="a">1. ʻUthmān -- 2. ʻAlī wa-banūh.</subfield>
  </datafield>
  <datafield ind1=" " ind2=" " tag="504">
    <subfield code="a">Includes bibliographical references.</subfield>
  </datafield>
  <datafield ind1=" " ind2="0" tag="650">
    <subfield code="a">Caliphs.</subfield>
    <subfield code="0">http://id.loc.gov/authorities/subjects/sh85018927</subfield>
  </datafield>
  <datafield ind1=" " ind2="0" tag="651">
    <subfield code="a">Islamic countries</subfield>
    <subfield code="x">History.</subfield>
    <subfield code="0">http://id.loc.gov/authorities/subjects/sh2008104955</subfield>
  </datafield>
  <datafield ind1=" " ind2=" " tag="945">
    <subfield code="a">F</subfield>
    <subfield code="b">1</subfield>
    <subfield code="c">2271.401.334.1951</subfield>
    <subfield code="e">v.2</subfield>
  </datafield>
  <datafield ind1=" " ind2=" " tag="911">
    <subfield code="a">20000130</subfield>
  </datafield>
  <datafield ind1="0" ind2="1" tag="852">
    <subfield code="0">3089650</subfield>
    <subfield code="b">nec</subfield>
    <subfield code="t">1</subfield>
    <subfield code="h">DS234</subfield>
    <subfield code="i">.T34 1951</subfield>
  </datafield>
  <datafield ind1=" " ind2="0" tag="866">
    <subfield code="0">3089650</subfield>
    <subfield code="8">0</subfield>
    <subfield code="a">v.2</subfield>
  </datafield>
  <datafield ind1=" " ind2=" " tag="959">
    <subfield code="a">2009-05-06 17:32:23 -0400</subfield>
  </datafield>
</record>
